@incollection{Ganin2016,
  title = {Domain-Adversarial Training of Neural Networks},
  author = {Ganin, Yaroslav and Ustinova, Evgeniya and Ajakan, Hana and Germain, Pascal and Larochelle, Hugo and Laviolette, Francois and Marchand, Mario and Lempitsky, Victor},
  booktitle = {Journal of Machine Learning Research},
  pages = {1--35},
  year = {2016},
  volume = {17}
}

@incollection{Ganin2015,
  title = {Unsupervised Domain Adaptation by Backpropagation},
  author = {Ganin, Yaroslav and Lempitsky, Victor},
  booktitle = {Proceedings of the 32nd International Conference on Machine Learning},
  pages = {1180--1189},
  year = {2015},
  volume = {37}
}

@incollection{Ajakan2014,
  title = {Unsupervised Domain Adaptation by Backpropagation},
  author = {Ajakan, Hana and Germain, Pascal and Larochelle, Hugo and Laviolette, Francois and Marchand, Mario},
  booktitle = {NIPS 2014 Workshop on Transfer and Multi--task learning: Theory Meets Practice},
  year = {2014}
}

@incollection{Kifer2004,
  title = {Detecting Change in Data Streams},
  author = {Ben-David, Shai and Gehrke, Johannes and Kifer, Daniel},
  booktitle = {Proceedings of the 30th International Conference on on Very Large Data Bases},
  pages = {180--191},
  year = {2004}
}

@incollection{BenDavid2006,
  title = {Analysis of Representations for Domain Adaptation},
  author = {Ben-David, Shai and John Blitzer and Crammer, Koby and Fernando Pereira},
  booktitle = {Advances in Neural Information Processing Systems 19},
  pages = {137--144},
  year = {2007}
}

@incollection{BenDavid2010,
  title = {A Theory of Learning From Different Domains},
  author = {Ben-David, Shai and John Blitzer and Crammer, Koby and Fernando Pereira and Vaughan, Jennifer~Wortman},
  booktitle = {Machine Learning},
  pages = {151--175},
  year = {2010},
  volume = {79}
}